@article{first_detection,
    author = "Abbott, B. P. and others",
    collaboration = "LIGO Scientific, Virgo",
    title = "{Observation of Gravitational Waves from a Binary Black Hole Merger}",
    eprint = "arXiv:1602.03837 [gr-qc]",
    archivePrefix = "arXiv",
    primaryClass = "gr-qc",
    reportNumber = "LIGO-P150914",
    doi = "10.1103/PhysRevLett.116.061102",
    journal = "Phys. Rev. Lett.",
    volume = "116",
    number = "6",
    pages = "061102",
    year = "2016"
}

@article{gwtc1,
    author = "Abbott, B. P. and others",
    collaboration = "LIGO Scientific, Virgo",
    title = "{GWTC-1: A Gravitational-Wave Transient Catalog of Compact Binary Mergers Observed by LIGO and Virgo during the First and Second Observing Runs}",
    eprint = "arXiv:1811.12907 [astro-ph.HE]",
    archivePrefix = "arXiv",
    primaryClass = "astro-ph.HE",
    reportNumber = "LIGO-P1800307",
    doi = "10.1103/PhysRevX.9.031040",
    journal = "Phys. Rev. X",
    volume = "9",
    number = "3",
    pages = "031040",
    year = "2019"
}

@article{gwtc2,
    author = "Abbott, R. and others",
    collaboration = "LIGO Scientific, Virgo",
    title = "{GWTC-2: Compact Binary Coalescences Observed by LIGO and Virgo During the First Half of the Third Observing Run}",
    eprint = "arXiv:2010.14527 [gr-qc]",
    archivePrefix = "arXiv",
    primaryClass = "gr-qc",
    reportNumber = "P2000061",
    doi = "10.1103/PhysRevX.11.021053",
    journal = "Phys. Rev. X",
    volume = "11",
    pages = "021053",
    year = "2021"
}

@misc{gwtc21,
    author = "Abbott, R. and others",
    collaboration = "LIGO Scientific, VIRGO",
    title = "{GWTC-2.1: Deep Extended Catalog of Compact Binary Coalescences Observed by LIGO and Virgo During the First Half of the Third Observing Run}",
    eprint = "arXiv:2108.01045 [gr-qc]",
    archivePrefix = "arXiv",
    primaryClass = "gr-qc",
    reportNumber = "LIGO-P2100063",
    month = "8",
    year = "2021"
}

@article{template_bank_placement,
    author = "Harry, Ian W. and Allen, Bruce and Sathyaprakash, B. S.",
    title = "{A Stochastic template placement algorithm for gravitational wave data analysis}",
    eprint = "arXiv:0908.2090 [gr-qc]",
    archivePrefix = "arXiv",
    primaryClass = "gr-qc",
    doi = "10.1103/PhysRevD.80.104014",
    journal = "Phys. Rev. D",
    volume = "80",
    pages = "104014",
    year = "2009"
}

@article{TAccadia,
    author = "Accadia, T. and others",
    editor = "Ricci, Fulvio",
    title = "{Noise from scattered light in Virgo's second science run data}",
    doi = "10.1088/0264-9381/27/19/194011",
    journal = "Class. Quant. Grav.",
    volume = "27",
    pages = "194011",
    year = "2010"
}

@article{BOwen_Sathya_MF,
    author = "Owen, Benjamin J. and Sathyaprakash, B. S.",
    title = "{Matched filtering of gravitational waves from inspiraling compact binaries: Computational cost and template placement}",
    eprint = "arXiv:gr-qc/9808076",
    archivePrefix = "arXiv",
    reportNumber = "GRP-505",
    doi = "10.1103/PhysRevD.60.022002",
    journal = "Phys. Rev. D",
    volume = "60",
    pages = "022002",
    year = "1999"
}

@article{Laura_Noise,
    author = "Nuttall, L. K.",
    title = "{Characterizing transient noise in the LIGO detectors}",
    eprint = "arXiv:1804.07592 [astro-ph.IM]",
    archivePrefix = "arXiv",
    primaryClass = "astro-ph.IM",
    doi = "10.1098/rsta.2017.0286",
    journal = "Phil. Trans. Roy. Soc. Lond. A",
    volume = "376",
    number = "2120",
    pages = "20170286",
    year = "2018"
}

@article{pycbc,
    author = "Usman, Samantha A. and others",
    title = "{The PyCBC search for gravitational waves from compact binary coalescence}",
    eprint = "arXiv:1508.02357 [gr-qc]",
    archivePrefix = "arXiv",
    primaryClass = "gr-qc",
    reportNumber = "LIGO-P1500086",
    doi = "10.1088/0264-9381/33/21/215004",
    journal = "Class. Quant. Grav.",
    volume = "33",
    number = "21",
    pages = "215004",
    year = "2016"
}

@article{pycbc_inference,
    author = "Biwer, C. M. and Capano, Collin D. and De, Soumi and Cabero, Miriam and Brown, Duncan A. and Nitz, Alexander H. and Raymond, V.",
    title = "{PyCBC Inference: A Python-based parameter estimation toolkit for compact binary coalescence signals}",
    eprint = "arXiv:1807.10312 [astro-ph.IM]",
    archivePrefix = "arXiv",
    primaryClass = "astro-ph.IM",
    doi = "10.1088/1538-3873/aaef0b",
    journal = "Publ. Astron. Soc. Pac.",
    volume = "131",
    number = "996",
    pages = "024503",
    year = "2019"
}

@misc{gstlal,
    author = "Cannon, Kipp and others",
    title = "{GstLAL: A software framework for gravitational wave discovery}",
    eprint = "arXiv:2010.05082 [astro-ph.IM]",
    archivePrefix = "arXiv",
    primaryClass = "astro-ph.IM",
    month = "10",
    year = "2020"
}

@misc{spiir,
    author = "Chu, Qi and others",
    title = "{SPIIR online coherent pipeline to search for gravitational waves from compact binary coalescences}",
    eprint = "arXiv:2011.06787 [gr-qc]",
    archivePrefix = "arXiv",
    primaryClass = "gr-qc",
    doi = "10.1103/PhysRevD.105.024023",
    journal = "Phys. Rev. D",
    volume = "105",
    number = "2",
    pages = "024023",
    year = "2022"
}

@article{mbta,
    author = "Aubin, F. and others",
    title = "{The MBTA pipeline for detecting compact binary coalescences in the third LIGO\textendash{}Virgo observing run}",
    eprint = "arXiv:2012.11512 [gr-qc]",
    archivePrefix = "arXiv",
    primaryClass = "gr-qc",
    doi = "10.1088/1361-6382/abe913",
    journal = "Class. Quant. Grav.",
    volume = "38",
    number = "9",
    pages = "095004",
    year = "2021"
}

@article{geo,
    doi = {10.1088/0264-9381/19/7/321},
    url = {https://dx.doi.org/10.1088/0264-9381/19/7/321},
    year = {2002},
    month = {mar},
    publisher = {},
    volume = {19},
    number = {7},
    pages = {1377},
    author = {B Willke and  P Aufmuth and  C Aulbert and  S Babak and  R Balasubramanian and  B W Barr and  S Berukoff and  S Bose and  G Cagnoli and  M M Casey and  D Churches and  D Clubley and  C N Colacino and  D R M Crooks and  C Cutler and  K Danzmann and  R Davies and  R Dupuis and  E Elliffe and  C Fallnich and  A Freise and  S Goßler and  A Grant and  H Grote and  G Heinzel and  A Heptonstall and  M Heurs and  M Hewitson and  J Hough and  O Jennrich and  K Kawabe and  K Kötter and  V Leonhardt and  H Lück and  M Malec and  P W McNamara and  S A McIntosh and  K Mossavi and  S Mohanty and  S Mukherjee and  S Nagano and  G P Newton and  B J Owen and  D Palmer and  M A Papa and  M V Plissi and  V Quetschke and  D I Robertson and  N A Robertson and  S Rowan and  A Rüdiger and  B S Sathyaprakash and  R Schilling and  B F Schutz and  R Senior and  A M Sintes and  K D Skeldon and  P Sneddon and  F Stief and  K A Strain and  I Taylor and  C I Torrie and  A Vecchio and  H Ward and  U Weiland and  H Welling and  P Williams and  W Winkler and  G Woan and  I Zawischa},
    title = {The GEO 600 gravitational wave detector},
    journal = {Classical and Quantum Gravity},
    abstract = {The GEO 600 laser interferometer with 600 m armlength is part of a worldwide network of gravitational wave detectors. Due to the use of advanced technologies like multiple pendulum suspensions with a monolithic last stage and signal recycling, the anticipated sensitivity of GEO 600 is close to the initial sensitivity of detectors with several kilometres armlength. This paper describes the subsystems of GEO 600, the status of the detector by September 2001 and the plans towards the first science run.}
}


@article{aligo,
    author = "Aasi, J. and others",
    collaboration = "LIGO Scientific",
    title = "{Advanced LIGO}",
    eprint = "arXiv:1411.4547 [gr-qc]",
    archivePrefix = "arXiv",
    primaryClass = "gr-qc",
    doi = "10.1088/0264-9381/32/7/074001",
    journal = "Class. Quant. Grav.",
    volume = "32",
    pages = "074001",
    year = "2015"
}

@article{avirgo,
    author = "Acernese, F. and others",
    collaboration = "VIRGO",
    title = "{Advanced Virgo: a second-generation interferometric gravitational wave detector}",
    eprint = "arXiv:1408.3978 [gr-qc]",
    archivePrefix = "arXiv",
    primaryClass = "gr-qc",
    doi = "10.1088/0264-9381/32/2/024001",
    journal = "Class. Quant. Grav.",
    volume = "32",
    number = "2",
    pages = "024001",
    year = "2015"
}

@misc{kagra,
    author = "Akutsu, T. and others",
    collaboration = "KAGRA",
    title = "{Overview of KAGRA: Detector design and construction history}",
    eprint = "arXiv:2005.05574 [physics.ins-det]",
    archivePrefix = "arXiv",
    primaryClass = "physics.ins-det",
    doi = "10.1093/ptep/ptaa125",
    journal = "PTEP",
    volume = "2021",
    number = "5",
    pages = "05A101",
    year = "2021"
}

@article{reducing_scattering_o3,
    author = "Soni, S. and others",
    collaboration = "LIGO",
    title = "{Reducing scattered light in LIGO's third observing run}",
    eprint = "arXiv:2007.14876 [astro-ph.IM]",
    archivePrefix = "arXiv",
    primaryClass = "astro-ph.IM",
    reportNumber = "LIGO-P2000172",
    doi = "10.1088/1361-6382/abc906",
    journal = "Class. Quant. Grav.",
    volume = "38",
    number = "2",
    pages = "025016",
    year = "2020"
}

@article{findchirp,
    author = "Allen, Bruce and Anderson, Warren G. and Brady, Patrick R. and Brown, Duncan A. and Creighton, Jolien D. E.",
    title = "{FINDCHIRP: An Algorithm for detection of gravitational waves from inspiraling compact binaries}",
    eprint = "arXiv:gr-qc/0509116",
    archivePrefix = "arXiv",
    doi = "10.1103/PhysRevD.85.122006",
    journal = "Phys. Rev. D",
    volume = "85",
    pages = "122006",
    year = "2012"
}

@misc{pycbc_package,
  author       = {Alex Nitz and
                  Ian Harry and
                  Duncan Brown and
                  Christopher M. Biwer and
                  Josh Willis and
                  Tito Dal Canton and
                  Collin Capano and
                  Thomas Dent and et al.},
  title        = {gwastro/pycbc:},
  month        = aug,
  year         = 2021,
  publisher    = {Zenodo},
  version      = {v1.16.14},
  doi          = {10.5281/zenodo.5347736},
  url          = {https://doi.org/10.5281/zenodo.5347736}
}

@article{scipy_package,
    author = "Virtanen, Pauli and others",
    title = "{SciPy 1.0--Fundamental Algorithms for Scientific Computing in Python}",
    eprint = "arXiv:1907.10121 [cs.MS]",
    archivePrefix = "arXiv",
    primaryClass = "cs.MS",
    doi = "10.1038/s41592-019-0686-2",
    journal = "Nature Meth.",
    volume = "17",
    pages = "261",
    year = "2020"
}

@article{Bilby,
    author = "Ashton, Gregory and others",
    title = "{BILBY: A user-friendly Bayesian inference library for gravitational-wave astronomy}",
    eprint = "arXiv:1811.02042 [astro-ph.IM]",
    archivePrefix = "arXiv",
    primaryClass = "astro-ph.IM",
    doi = "10.3847/1538-4365/ab06fc",
    journal = "Astrophys. J. Suppl.",
    volume = "241",
    number = "2",
    pages = "27",
    year = "2019"
}

@article{nsbh,
    author = "Abbott, R. and others",
    collaboration = "LIGO Scientific, KAGRA, VIRGO",
    title = "{Observation of Gravitational Waves from Two Neutron Star\textendash{}Black Hole Coalescences}",
    eprint = "arXiv:2106.15163 [astro-ph.HE]",
    archivePrefix = "arXiv",
    primaryClass = "astro-ph.HE",
    reportNumber = "LIGO Document P2000357",
    doi = "10.3847/2041-8213/ac082e",
    journal = "Astrophys. J. Lett.",
    volume = "915",
    number = "1",
    pages = "L5",
    year = "2021"
}

@article{sensitivity_o3,
    author = "Buikema, Aaron and others",
    collaboration = "aLIGO",
    title = "{Sensitivity and performance of the Advanced LIGO detectors in the third observing run}",
    eprint = "arXiv:2008.01301 [astro-ph.IM]",
    archivePrefix = "arXiv",
    primaryClass = "astro-ph.IM",
    doi = "10.1103/PhysRevD.102.062003",
    journal = "Phys. Rev. D",
    volume = "102",
    number = "6",
    pages = "062003",
    year = "2020"
}

@article{blips,
    author = "Cabero, Miriam and others",
    title = "{Blip glitches in Advanced LIGO data}",
    eprint = "arXiv:1901.05093 [physics.ins-det]",
    archivePrefix = "arXiv",
    primaryClass = "physics.ins-det",
    doi = "10.1088/1361-6382/ab2e14",
    journal = "Class. Quant. Grav.",
    volume = "36",
    number = "15",
    pages = "15",
    year = "2019"
}

@misc{glitschen,
    author = "Merritt, Jonathan and Farr, Ben and Hur, Rachel and Edelman, Bruce and Doctor, Zoheyr",
    title = "{Transient glitch mitigation in Advanced LIGO data}",
    eprint = "arXiv:2108.12044 [gr-qc]",
    archivePrefix = "arXiv",
    primaryClass = "gr-qc",
    doi = "10.1103/PhysRevD.104.102004",
    journal = "Phys. Rev. D",
    volume = "104",
    number = "10",
    pages = "102004",
    year = "2021"
}

@article{discovering_features,
    author = "Soni, S. and others",
    title = "{Discovering features in gravitational-wave data through detector characterization, citizen science and machine learning}",
    eprint = "arXiv:2103.12104 [gr-qc]",
    archivePrefix = "arXiv",
    primaryClass = "gr-qc",
    doi = "10.1088/1361-6382/ac1ccb",
    journal = "Class. Quant. Grav.",
    volume = "38",
    number = "19",
    pages = "195016",
    year = "2021"
}

@article{gwtc3,
    author = "Abbott, R. and others",
    collaboration = "LIGO Scientific, VIRGO, KAGRA",
    title = "{GWTC-3: Compact Binary Coalescences Observed by LIGO and Virgo During the Second Part of the Third Observing Run}",
    eprint = "arXiv:2111.03606 [gr-qc]",
    archivePrefix = "arXiv",
    primaryClass = "gr-qc",
    reportNumber = "LIGO-P2000318",
    month = "11",
    year = "2021"
}

@article{gravityspy,
    author = "Zevin, Michael and others",
    title = "{Gravity Spy: Integrating Advanced LIGO Detector Characterization, Machine Learning, and Citizen Science}",
    eprint = "arXiv:1611.04596 [gr-qc]",
    archivePrefix = "arXiv",
    primaryClass = "gr-qc",
    reportNumber = "LIGO-P1600303",
    doi = "10.1088/1361-6382/aa5cea",
    journal = "Class. Quant. Grav.",
    volume = "34",
    number = "6",
    pages = "064003",
    year = "2017"
}

@article{McIsaac_2022,
    author = "McIsaac, Connor and Harry, Ian",
    title = "{Using machine learning to autotune chi-squared tests for gravitational wave searches}",
    eprint = "arXiv:2203.03449 [gr-qc]",
    archivePrefix = "arXiv",
    primaryClass = "gr-qc",
    reportNumber = "LIGO-P2100244",
    doi = "10.1103/PhysRevD.105.104056",
    journal = "Phys. Rev. D",
    volume = "105",
    number = "10",
    pages = "104056",
    year = "2022"
}

@article{PyCBC_Singles,
    author = "{Cabourn Davies}, Gareth S. and Harry, Ian W.",
    title = "{Establishing significance of gravitational-wave signals from a single observatory in the PyCBC offline search}",
    eprint = "arXiv:2203.08545 [gr-qc]",
    archivePrefix = "arXiv",
    primaryClass = "gr-qc",
    doi = "10.1088/1361-6382/ac8862",
    journal = "Class. Quant. Grav.",
    volume = "39",
    number = "21",
    pages = "215012",
    year = "2022"
}


@article{BayesWave,
    author = "Cornish, Neil J. and Littenberg, Tyson B.",
    title = "{BayesWave: Bayesian Inference for Gravitational Wave Bursts and Instrument Glitches}",
    eprint = "arXiv:1410.3835 [gr-qc]",
    archivePrefix = "arXiv",
    primaryClass = "gr-qc",
    doi = "10.1088/0264-9381/32/13/135012",
    journal = "Class. Quant. Grav.",
    volume = "32",
    number = "13",
    pages = "135012",
    year = "2015"
}

@misc{omegascan,
  author       = {Evan Goetz},
  title        = {gwdetchar/gwdetchar: 2.0.5},
  month        = nov,
  year         = 2021,
  publisher    = {Zenodo},
  version      = {2.0.5},
  doi          = {10.5281/zenodo.5722057},
  url          = {https://doi.org/10.5281/zenodo.5722057}
}

@article{Allen_2005,
    author = "Allen, Bruce",
    title = "{${\chi}^{2}$ time-frequency discriminator for gravitational wave detection}",
    eprint = "arXiv:gr-qc/0405045",
    archivePrefix = "arXiv",
    doi = "10.1103/PhysRevD.71.062001",
    journal = "Phys. Rev. D",
    volume = "71",
    pages = "062001",
    year = "2005"
}

@article{Nitz_2018,
    author = "Nitz, Alexander Harvey",
    title = "{Distinguishing short duration noise transients in LIGO data to improve the PyCBC search for gravitational waves from high mass binary black hole mergers}",
    eprint = "arXiv:1709.08974 [gr-qc]",
    archivePrefix = "arXiv",
    primaryClass = "gr-qc",
    reportNumber = "LIGO-P1700275",
    doi = "10.1088/1361-6382/aaa13d",
    journal = "Class. Quant. Grav.",
    volume = "35",
    number = "3",
    pages = "035016",
    year = "2018"
}

@article{GSpy2022,
    author = "Glanzer, J. and others",
    title = "{Data quality up to the third observing run of Advanced LIGO: Gravity Spy glitch classifications}",
    eprint = "arXiv:2208.12849 [gr-qc]",
    archivePrefix = "arXiv",
    primaryClass = "gr-qc",
    reportNumber = "LIGO-P2200238",
    month = "8",
    year = "2022"
}

@article{rw_snr_eq,
    author = "Abadie, J. and others",
    collaboration = "LIGO Scientific, VIRGO",
    title = "{Search for Gravitational Waves from Low Mass Compact Binary Coalescence in LIGO's Sixth Science Run and Virgo's Science Runs 2 and 3}",
    eprint = "arXiv:1111.7314 [gr-qc]",
    archivePrefix = "arXiv",
    primaryClass = "gr-qc",
    doi = "10.1103/PhysRevD.85.082002",
    journal = "Phys. Rev. D",
    volume = "85",
    pages = "082002",
    year = "2012"
}

@misc{PyCBC_github,
  author       = {Alex Nitz and other},
  title        = {gwastro/pycbc: v2.0.5 release of PyCBC},
  month        = jul,
  year         = 2022,
  publisher    = {Zenodo},
  version      = {v2.0.5},
  doi          = {10.5281/zenodo.6912865},
  url          = {https://doi.org/10.5281/zenodo.6912865}
}

@article{Mozzon_2020,
    author = "Mozzon, S. and Nuttall, L. K. and Lundgren, A. and Dent, T. and Kumar, S. and Nitz, A. H.",
    title = "{Dynamic Normalization for Compact Binary Coalescence Searches in Non-Stationary Noise}",
    eprint = "arXiv:2002.09407 [astro-ph.IM]",
    archivePrefix = "arXiv",
    primaryClass = "astro-ph.IM",
    doi = "10.1088/1361-6382/abac6c",
    journal = "Class. Quant. Grav.",
    volume = "37",
    number = "21",
    pages = "215014",
    year = "2020"
}

@article{global_network,
    author = "Davies, Gareth S. and Dent, Thomas and T\'apai, M\'arton and Harry, Ian and McIsaac, Connor and Nitz, Alexander H.",
    title = "{Extending the PyCBC search for gravitational waves from compact binary mergers to a global network}",
    eprint = "arXiv:2002.08291 [astro-ph.HE]",
    archivePrefix = "arXiv",
    primaryClass = "astro-ph.HE",
    doi = "10.1103/PhysRevD.102.022004",
    journal = "Phys. Rev. D",
    volume = "102",
    number = "2",
    pages = "022004",
    year = "2020"
}

@article{Nitz:2017svb,
    author = "Nitz, Alexander H. and Dent, Thomas and Dal Canton, Tito and Fairhurst, Stephen and Brown, Duncan A.",
    title = "{Detecting binary compact-object mergers with gravitational waves: Understanding and Improving the sensitivity of the PyCBC search}",
    eprint = "arXiv:1705.01513 [gr-qc]",
    archivePrefix = "arXiv",
    primaryClass = "gr-qc",
    reportNumber = "LIGO-P1700088-V4",
    doi = "10.3847/1538-4357/aa8f50",
    journal = "Astrophys. J.",
    volume = "849",
    number = "2",
    pages = "118",
    year = "2017"
}

@article{GuideToDetNoise,
    author = "Abbott, Benjamin P and others",
    collaboration = "LIGO Scientific, Virgo",
    title = "{A guide to LIGO\textendash{}Virgo detector noise and extraction of transient gravitational-wave signals}",
    eprint = "arXiv:1908.11170 [gr-qc]",
    archivePrefix = "arXiv",
    primaryClass = "gr-qc",
    doi = "10.1088/1361-6382/ab685e",
    journal = "Class. Quant. Grav.",
    volume = "37",
    number = "5",
    pages = "055002",
    year = "2020"
}

@article{DetCharO2O3,
    author = "Davis, Derek and others",
    collaboration = "LIGO",
    title = "{LIGO detector characterization in the second and third observing runs}",
    eprint = "arXiv:2101.11673 [astro-ph.IM]",
    archivePrefix = "arXiv",
    primaryClass = "astro-ph.IM",
    reportNumber = "P2000495",
    doi = "10.1088/1361-6382/abfd85",
    journal = "Class. Quant. Grav.",
    volume = "38",
    number = "13",
    pages = "135014",
    year = "2021"
}

@article{GWMimicking,
    author = "Mukherjee, S. and Obaid, R. and Matkarimov, B.",
    editor = "Ricci, Fulvio",
    title = "{Classification of glitch waveforms in gravitational wave detector characterization}",
    doi = "10.1088/1742-6596/243/1/012006",
    journal = "J. Phys. Conf. Ser.",
    volume = "243",
    pages = "012006",
    year = "2010"
}

@misc{SensCurve,
  author       = {Barsotti, L. and Fritschel, P. and Evans, M. and Slawomir, G.},
  title        = {Updated Advanced LIGO sensitivity design curve},
  month        = Feb,
  year         = 2018,
  publisher    = {LIGO DCC},
  version      = {T1800044-v5},
  url          = {https://dcc.ligo.org/LIGO-T1800044/public}
}

@article{GWOSC,
    author = "Abbott, Rich and others",
    collaboration = "LIGO Scientific, Virgo",
    title = "{Open data from the first and second observing runs of Advanced LIGO and Advanced Virgo}",
    eprint = "arXiv:1912.11716 [gr-qc]",
    archivePrefix = "arXiv",
    primaryClass = "gr-qc",
    reportNumber = "LIGO-P1900206",
    doi = "10.1016/j.softx.2021.100658",
    journal = "SoftwareX",
    volume = "13",
    pages = "100658",
    year = "2021"
}

@article{Udall2022,
    author = "Udall, Rhiannon and Davis, Derek",
    title = "{Bayesian modelling of scattered light in the LIGO interferometers}",
    eprint = "arXiv:2211.15867 [astro-ph.IM]",
    archivePrefix = "arXiv",
    primaryClass = "astro-ph.IM",
    reportNumber = "P2200350",
    month = "11",
    year = "2022"
}

@article{gwadaptive,
    author = "Bianchi, Stefano and Longo, Alessandro and Valdes, Guillermo and Gonz\'alez, Gabriela and Plastino, Wolfango",
    title = "{An automated pipeline for scattered light noise characterization}",
    eprint = "arXiv:2107.07565 [astro-ph.IM]",
    archivePrefix = "arXiv",
    primaryClass = "astro-ph.IM",
    doi = "10.1088/1361-6382/ac88b0",
    journal = "Class. Quant. Grav.",
    volume = "39",
    number = "19",
    pages = "195005",
    year = "2022"
}

@article{GSpy_update,
    author = "Soni, S. and others",
    title = "{Discovering features in gravitational-wave data through detector characterization, citizen science and machine learning}",
    eprint = "arXiv:2103.12104 [gr-qc]",
    archivePrefix = "arXiv",
    primaryClass = "gr-qc",
    doi = "10.1088/1361-6382/ac1ccb",
    journal = "Class. Quant. Grav.",
    volume = "38",
    number = "19",
    pages = "195016",
    year = "2021"
}

@article{O3_subtraction,
    author = "Davis, D. and Littenberg, T. B. and Romero-Shaw, I. M. and Millhouse, M. and McIver, J. and Di Renzo, F. and Ashton, G.",
    title = "{Subtracting glitches from gravitational-wave detector data during the third LIGO-Virgo observing run}",
    eprint = "arXiv:2207.03429 [astro-ph.IM]",
    archivePrefix = "arXiv",
    primaryClass = "astro-ph.IM",
    reportNumber = "P2200192",
    doi = "10.1088/1361-6382/aca238",
    journal = "Class. Quant. Grav.",
    volume = "39",
    number = "24",
    pages = "245013",
    year = "2022"
}

@article{VirgoDetChar,
    author = "Acernese, F. and others",
    collaboration = "Virgo",
    title = "{Virgo Detector Characterization and Data Quality: results from the O3 run}",
    eprint = "arXiv:2210.15633 [gr-qc]",
    archivePrefix = "arXiv",
    primaryClass = "gr-qc",
    month = "10",
    year = "2022"
}

@article{HilbertHuang,
    author = "Valdes, Guillermo and O'Reilly, Brian and Diaz, Mario",
    title = "{A Hilbert\textendash{}Huang transform method for scattering identification in LIGO}",
    doi = "10.1088/1361-6382/aa8e6b",
    journal = "Class. Quant. Grav.",
    volume = "34",
    number = "23",
    pages = "235009",
    year = "2017"
}

@article{tvf-EMD,
    author = "Longo, Alessandro and Bianchi, Stefano and Plastino, Wolfango and Arnaud, Nicolas and Chiummo, Antonino and Fiori, Irene and Swinkels, Bas and Was, Michal",
    title = "{Scattered light noise characterisation at the Virgo interferometer with tvf-EMD adaptive algorithm}",
    eprint = "arXiv:2002.10529 [astro-ph.IM]",
    archivePrefix = "arXiv",
    primaryClass = "astro-ph.IM",
    doi = "10.1088/1361-6382/ab9719",
    journal = "Class. Quant. Grav.",
    volume = "37",
    number = "14",
    pages = "145011",
    year = "2020"
}

@article{Longo_daily,
    author = "Longo, Alessandro and Bianchi, Stefano and Valdes, Guillermo and Arnaud, Nicolas and Plastino, Wolfango",
    title = "{Daily monitoring of scattered light noise due to microseismic variability at the Virgo interferometer}",
    eprint = "arXiv:2112.06046 [astro-ph.IM]",
    archivePrefix = "arXiv",
    primaryClass = "astro-ph.IM",
    doi = "10.1088/1361-6382/ac4117",
    journal = "Class. Quant. Grav.",
    volume = "39",
    number = "3",
    pages = "035001",
    year = "2022"
}

@article{MichalSub,
    author = "Was, Michal and Gouaty, Romain and Bonnand, Romain",
    title = "{End benches scattered light modelling and subtraction in advanced Virgo}",
    eprint = "arXiv:2011.03539 [astro-ph.IM]",
    archivePrefix = "arXiv",
    primaryClass = "astro-ph.IM",
    reportNumber = "VIR-0854A-20",
    doi = "10.1088/1361-6382/abe759",
    journal = "Class. Quant. Grav.",
    volume = "38",
    number = "7",
    pages = "075020",
    year = "2021"
}

@article{burst_search,
    author = "Klimenko, S. and Yakushin, I. and Mercer, A. and Mitselmakher, Guenakh",
    editor = "Scott, Susan M. and McClelland, David E.",
    title = "{Coherent method for detection of gravitational wave bursts}",
    eprint = "arXiv:0802.3232 [gr-qc]",
    archivePrefix = "arXiv",
    primaryClass = "gr-qc",
    reportNumber = "LIGO-P070093-00-Z",
    doi = "10.1088/0264-9381/25/11/114029",
    journal = "Class. Quant. Grav.",
    volume = "25",
    pages = "114029",
    year = "2008"
}

@article{cwb_2020,
    author = "Drago, M. and others",
    title = "{Coherent WaveBurst, a pipeline for unmodeled gravitational-wave data analysis}",
    eprint = "arXiv:2006.12604 [gr-qc]",
    archivePrefix = "arXiv",
    primaryClass = "gr-qc",
    month = "6",
    year = "2020"
}

@article{Glanzer:2023hzf,
    author = "Glanzer, Jane and Soni, Siddharth and Spoon, Jaidyn and Effler, Anamaria and Gonz\'alez, Gabriela",
    title = "{Noise in the LIGO Livingston Gravitational Wave Observatory due to Trains}",
    eprint = "arXiv:2304.07477 [astro-ph.IM]",
    archivePrefix = "arXiv",
    primaryClass = "astro-ph.IM",
    reportNumber = "LIGO-P2300032",
    month = "4",
    year = "2023"
}

@article{Davies:2020tsx,
    author = "Davies, Gareth S. and Dent, Thomas and T\'apai, M\'arton and Harry, Ian and McIsaac, Connor and Nitz, Alexander H.",
    title = "{Extending the PyCBC search for gravitational waves from compact binary mergers to a global network}",
    eprint = "	arXiv:2002.08291 [astro-ph.HE]",
    archivePrefix = "arXiv",
    primaryClass = "astro-ph.HE",
    doi = "10.1103/PhysRevD.102.022004",
    journal = "Phys. Rev. D",
    volume = "102",
    number = "2",
    pages = "022004",
    year = "2020"
}

@article{ArchEnemy,
    author = "Tolley, Arthur E. and Cabourn Davies, Gareth S. and Harry, Ian W. and Lundgren, Andrew P.",
    title = "{ArchEnemy: removing scattered-light glitches from gravitational wave data}",
    eprint = "2301.10491",
    archivePrefix = "arXiv",
    primaryClass = "gr-qc",
    doi = "10.1088/1361-6382/ace22f",
    journal = "Class. Quant. Grav.",
    volume = "40",
    number = "16",
    pages = "165005",
    year = "2023"
}

@article{gw_polarization_plots,
author = {Hammond, Giles and Hild, Stefan and Pitkin, Matthew},
year = {2014},
month = {02},
pages = {},
title = {Advanced technologies for future laser-interferometric gravitational wave detectors},
volume = {61},
journal = {Journal of Modern Optics},
doi = {10.1080/09500340.2014.920934}
}

@book{moore_2013,
place = {Mill Valley, California},
title = {A General Relativity Workbook},
publisher = {University Science Books},
author = {Moore, Thomas A},
year = {2013},
pages = {364-365}}

@article{GW150914,
    author = "Abbott, B. P. and others",
    collaboration = "LIGO Scientific, Virgo",
    title = "{Observation of Gravitational Waves from a Binary Black Hole Merger}",
    eprint = "1602.03837",
    archivePrefix = "arXiv",
    primaryClass = "gr-qc",
    reportNumber = "LIGO-P150914",
    doi = "10.1103/PhysRevLett.116.061102",
    journal = "Phys. Rev. Lett.",
    volume = "116",
    number = "6",
    pages = "061102",
    year = "2016"
}

@article{PyCBC_live,
    author = "Nitz, Alexander H. and Dal Canton, Tito and Davis, Derek and Reyes, Steven",
    title = "{Rapid detection of gravitational waves from compact binary mergers with PyCBC Live}",
    eprint = "1805.11174",
    archivePrefix = "arXiv",
    primaryClass = "gr-qc",
    reportNumber = "LIGO-P1800139",
    doi = "10.1103/PhysRevD.98.024050",
    journal = "Phys. Rev. D",
    volume = "98",
    number = "2",
    pages = "024050",
    year = "2018"
}

@article{PyCBC_Search,
    author = "Usman, Samantha A. and others",
    title = "{The PyCBC search for gravitational waves from compact binary coalescence}",
    eprint = "1508.02357",
    archivePrefix = "arXiv",
    primaryClass = "gr-qc",
    reportNumber = "LIGO-P1500086",
    doi = "10.1088/0264-9381/33/21/215004",
    journal = "Class. Quant. Grav.",
    volume = "33",
    number = "21",
    pages = "215004",
    year = "2016"
}

@misc{pipelines,
title={Online Pipelines — LIGO/Virgo Public Alerts User Guide 16 documentation},
url={https://emfollow.docs.ligo.org/userguide/analysis/searches.html},
journal={Emfollow.docs.ligo.org},
author={LIGO Scientific Collaboration},
year={2021}}

@article{BAYEstar,
    author = "Singer, Leo P. and Price, Larry R.",
    title = "{Rapid Bayesian position reconstruction for gravitational-wave transients}",
    eprint = "1508.03634",
    archivePrefix = "arXiv",
    primaryClass = "gr-qc",
    reportNumber = "LIGO-P1500009-V3, LIGO-P1500009-V4, LIGO-P1500009-V5, LIGO-P1500009-V6, LIGO-P1500009-V7, LIGO-P1500009-V8",
    doi = "10.1103/PhysRevD.93.024013",
    journal = "Phys. Rev. D",
    volume = "93",
    number = "2",
    pages = "024013",
    year = "2016"
}

@article{Owen:tbank,
    author = "Owen, Benjamin J. and Sathyaprakash, B. S.",
    title = "{Matched filtering of gravitational waves from inspiraling compact binaries: Computational cost and template placement}",
    eprint = "gr-qc/9808076",
    archivePrefix = "arXiv",
    reportNumber = "GRP-505",
    doi = "10.1103/PhysRevD.60.022002",
    journal = "Phys. Rev. D",
    volume = "60",
    pages = "022002",
    year = "1999"
}

@article{Harry:stochastic,
    author = "Harry, Ian W. and Allen, Bruce and Sathyaprakash, B. S.",
    title = "{A Stochastic template placement algorithm for gravitational wave data analysis}",
    eprint = "0908.2090",
    archivePrefix = "arXiv",
    primaryClass = "gr-qc",
    doi = "10.1103/PhysRevD.80.104014",
    journal = "Phys. Rev. D",
    volume = "80",
    pages = "104014",
    year = "2009"
}

@article{gaussian_noise,
    author = "Abbott, Benjamin P and others",
    collaboration = "LIGO Scientific, Virgo",
    title = "{A guide to LIGO\textendash{}Virgo detector noise and extraction of transient gravitational-wave signals}",
    eprint = "1908.11170",
    archivePrefix = "arXiv",
    primaryClass = "gr-qc",
    doi = "10.1088/1361-6382/ab685e",
    journal = "Class. Quant. Grav.",
    volume = "37",
    number = "5",
    pages = "055002",
    year = "2020"
}

@article{transient_noise,
    author = "Abbott, B. P. and others",
    collaboration = "LIGO Scientific, Virgo",
    title = "{Characterization of transient noise in Advanced LIGO relevant to gravitational wave signal GW150914}",
    eprint = "1602.03844",
    archivePrefix = "arXiv",
    primaryClass = "gr-qc",
    doi = "10.1088/0264-9381/33/13/134001",
    journal = "Class. Quant. Grav.",
    volume = "33",
    number = "13",
    pages = "134001",
    year = "2016"
}

@ARTICLE{whistles,
       author = {{Powell}, Jade and others},
        title = "{Classification methods for noise transients in advanced gravitational-wave detectors II: performance tests on Advanced LIGO data}",
      journal = {Classical and Quantum Gravity},
     keywords = {Astrophysics - Instrumentation and Methods for Astrophysics},
         year = 2017,
        month = feb,
       volume = {34},
       number = {3},
          eid = {034002},
        pages = {034002},
          doi = {10.1088/1361-6382/34/3/034002},
archivePrefix = {arXiv},
       eprint = {1609.06262},
 primaryClass = {astro-ph.IM},
       adsurl = {https://ui.adsabs.harvard.edu/abs/2017CQGra..34c4002P},
      adsnote = {Provided by the SAO/NASA Astrophysics Data System}
}

@ARTICLE{laura_char,
       author = {{Nuttall}, L.~K.},
        title = "{Characterizing transient noise in the LIGO detectors}",
      journal = {Philosophical Transactions of the Royal Society of London Series A},
     keywords = {Astrophysics - Instrumentation and Methods for Astrophysics},
         year = 2018,
        month = may,
       volume = {376},
       number = {2120},
          eid = {20170286},
        pages = {20170286},
          doi = {10.1098/rsta.2017.0286},
archivePrefix = {arXiv},
       eprint = {1804.07592},
 primaryClass = {astro-ph.IM},
       adsurl = {https://ui.adsabs.harvard.edu/abs/2018RSPTA.37670286N},
      adsnote = {Provided by the SAO/NASA Astrophysics Data System}
}

@ARTICLE{soni_scattered,
       author = {{Soni}, S and others},
        title = "{Reducing Scattered Light in LIGO's Third Observing Run}",
      journal = {arXiv e-prints},
     keywords = {Astrophysics - Instrumentation and Methods for Astrophysics},
         year = 2020,
        month = jul,
          eid = {arXiv:2007.14876},
        pages = {arXiv:2007.14876},
archivePrefix = {arXiv},
       eprint = {2007.14876},
 primaryClass = {astro-ph.IM},
       adsurl = {https://ui.adsabs.harvard.edu/abs/2020arXiv200714876S},
      adsnote = {Provided by the SAO/NASA Astrophysics Data System}
}

@ARTICLE{Accadia,
       author = {{Accadia}, T. and others},
        title = "{Noise from scattered light in Virgo's second science run data}",
      journal = {Classical and Quantum Gravity},
         year = 2010,
        month = oct,
       volume = {27},
       number = {19},
          eid = {194011},
        pages = {194011},
          doi = {10.1088/0264-9381/27/19/194011},
       adsurl = {https://ui.adsabs.harvard.edu/abs/2010CQGra..27s4011A},
      adsnote = {Provided by the SAO/NASA Astrophysics Data System}
}

@article{cit_science_soni,
    author = "Soni, S. and others",
    title = "{Discovering features in gravitational-wave data through detector characterization, citizen science and machine learning}",
    eprint = "2103.12104",
    archivePrefix = "arXiv",
    primaryClass = "gr-qc",
    doi = "10.1088/1361-6382/ac1ccb",
    month = "3",
    year = "2021"
}

@article{GW170817,
    author = "Abbott, B. P. and others",
    collaboration = "LIGO Scientific, Virgo",
    title = "{GW170817: Observation of Gravitational Waves from a Binary Neutron Star Inspiral}",
    eprint = "1710.05832",
    archivePrefix = "arXiv",
    primaryClass = "gr-qc",
    reportNumber = "LIGO-P170817",
    doi = "10.1103/PhysRevLett.119.161101",
    journal = "Phys. Rev. Lett.",
    volume = "119",
    number = "16",
    pages = "161101",
    year = "2017"
}

@article{SkyPy,
  doi = {10.21105/joss.03056},
  url = {https://doi.org/10.21105/joss.03056},
  year = {2021},
  publisher = {The Open Journal},
  volume = {6},
  number = {65},
  pages = {3056},
  author = {Adam Amara and Arthur E. Tolley and others},
  title = {`SkyPy`: A package for modelling the Universe},
  journal = {Journal of Open Source Software}
}

@article{gstlal_early_warning,
    author = "Sachdev, Surabhi and others",
    title = "{An Early-warning System for Electromagnetic Follow-up of Gravitational-wave Events}",
    eprint = "2008.04288",
    archivePrefix = "arXiv",
    primaryClass = "astro-ph.HE",
    doi = "10.3847/2041-8213/abc753",
    journal = "Astrophys. J. Lett.",
    volume = "905",
    number = "2",
    pages = "L25",
    year = "2020"
}

@article{Artale:2019tfl,
    author = "Artale, M. Celeste and others",
    title = "{Mass and star formation rate of the host galaxies of compact binary mergers across cosmic time}",
    eprint = "1910.04890",
    archivePrefix = "arXiv",
    primaryClass = "astro-ph.GA",
    doi = "10.1093/mnras/stz3190",
    journal = "Mon. Not. Roy. Astron. Soc.",
    volume = "491",
    number = "3",
    pages = "3419--3434",
    year = "2020"
}

@article{o3a_lensing,
    author = "Abbott, R. and others",
    collaboration = "LIGO Scientific, VIRGO",
    title = "{Search for Lensing Signatures in the Gravitational-Wave Observations from the First Half of LIGO\textendash{}Virgo\textquoteright{}s Third Observing Run}",
    eprint = "2105.06384",
    archivePrefix = "arXiv",
    primaryClass = "gr-qc",
    reportNumber = "LIGO-P2000400",
    doi = "10.3847/1538-4357/ac23db",
    journal = "Astrophys. J.",
    volume = "923",
    number = "1",
    pages = "14",
    year = "2021"
}

@ARTICLE{Scipy,
  author  = {Virtanen, Pauli and others},
  title   = {{{SciPy} 1.0: Fundamental Algorithms for Scientific
            Computing in Python}},
  journal = {Nature Methods},
  year    = {2020},
  volume  = {17},
  pages   = {261--272},
  adsurl  = {https://rdcu.be/b08Wh},
  doi     = {10.1038/s41592-019-0686-2},
}

@article{pyswarms,
  doi = {10.21105/joss.00433},
  url = {https://doi.org/10.21105/joss.00433},
  year = {2018},
  publisher = {The Open Journal},
  volume = {3},
  number = {21},
  pages = {433},
  author = {Lester James Miranda},
  title = {PySwarms: a research toolkit for Particle Swarm Optimization in Python},
  journal = {Journal of Open Source Software}
}

@article{binary_fraction,
    author = "Lada, Charles J.",
    title = "{Stellar Multiplicity and the IMF: Most Stars Are Single}",
    eprint = "astro-ph/0601375",
    archivePrefix = "arXiv",
    doi = "10.1086/503158",
    journal = "Astrophys. J. Lett.",
    volume = "640",
    pages = "L63--L66",
    year = "2006"
}

@article{dynamic_capture,
    author = "Portegies Zwart, Simon F. and McMillan, Stephen",
    title = "{Black hole mergers in the universe}",
    eprint = "astro-ph/9910061",
    archivePrefix = "arXiv",
    doi = "10.1086/312422",
    journal = "Astrophys. J. Lett.",
    volume = "528",
    pages = "L17",
    year = "2000"
}

@BOOK{kip_book,
       author = {{Hawking}, S.~W. and {Israel}, W.},
        title = "{Three Hundred Years of Gravitation}",
         year = 1989,
       adsurl = {https://ui.adsabs.harvard.edu/abs/1989thyg.book.....H},
      adsnote = {Provided by the SAO/NASA Astrophysics Data System}
}

@article{PoissonWill,
    author = "Poisson, Eric and Will, Clifford M.",
    title = "{Gravitational waves from inspiraling compact binaries: Parameter estimation using second postNewtonian wave forms}",
    eprint = "gr-qc/9502040",
    archivePrefix = "arXiv",
    reportNumber = "WUGRAV-95-2",
    doi = "10.1103/PhysRevD.52.848",
    journal = "Phys. Rev. D",
    volume = "52",
    pages = "848--855",
    year = "1995"
}

@article{Will1993,
    author = "Kidder, Lawrence E. and Will, Clifford M. and Wiseman, Alan G.",
    title = "{Spin effects in the inspiral of coalescing compact binaries}",
    eprint = "gr-qc/9211025",
    archivePrefix = "arXiv",
    reportNumber = "PRINT-92-0520",
    doi = "10.1103/PhysRevD.47.R4183",
    journal = "Phys. Rev. D",
    volume = "47",
    number = "10",
    pages = "R4183--R4187",
    year = "1993"
}

@article{prop_150914,
    author = "Abbott, B. P. and others",
    collaboration = "LIGO Scientific, Virgo",
    title = "{Properties of the Binary Black Hole Merger GW150914}",
    eprint = "1602.03840",
    archivePrefix = "arXiv",
    primaryClass = "gr-qc",
    reportNumber = "LIGO-P1500218",
    doi = "10.1103/PhysRevLett.116.241102",
    journal = "Phys. Rev. Lett.",
    volume = "116",
    number = "24",
    pages = "241102",
    year = "2016"
}

@misc{ligo_ifo,
    url={https://www.ligo.caltech.edu/page/ligos-ifo},
    journal={LIGO Lab | Caltech},
    year={2021}}

@misc{thorne_lecture,
    url={http://www.pmaweb.caltech.edu/Courses/ph136/yr2012/1227.1.K.pdf},
    journal={Pmaweb.caltech.edu},
    author={Thorne, Kip},
    year={2021}}

@article{3rd_year,
    author = "Tolley, A. E and others",
    title = "{Investigating Scattered Light in the LIGO Detectors}",
}

@article{tests_of_gr,
    author = "Abbott, B. P. and others",
    collaboration = "LIGO Scientific, Virgo",
    title = "{Tests of General Relativity with GW170817}",
    eprint = "1811.00364",
    archivePrefix = "arXiv",
    primaryClass = "gr-qc",
    reportNumber = "LIGO-P1800059",
    doi = "10.1103/PhysRevLett.123.011102",
    journal = "Phys. Rev. Lett.",
    volume = "123",
    number = "1",
    pages = "011102",
    year = "2019"
}

@article{kilonovae,
    author = "Metzger, Brian D.",
    title = "{Kilonovae}",
    eprint = "1610.09381",
    archivePrefix = "arXiv",
    primaryClass = "astro-ph.HE",
    doi = "10.1007/s41114-017-0006-z",
    journal = "Living Rev. Rel.",
    volume = "20",
    number = "1",
    pages = "3",
    year = "2017"
}

@article{GOTO,
    author = "Gompertz, B. P. and others",
    title = "{Searching for Electromagnetic Counterparts to Gravitational-wave Merger Events with the Prototype Gravitational-wave Optical Transient Observer (GOTO-4)}",
    eprint = "2004.00025",
    archivePrefix = "arXiv",
    primaryClass = "astro-ph.HE",
    doi = "10.1093/mnras/staa1845",
    journal = "Mon. Not. Roy. Astron. Soc.",
    volume = "497",
    number = "1",
    pages = "726--738",
    year = "2020"
}

@article{McIsaac:Lensing,
    author = "McIsaac, Connor and Keitel, David and Collett, Thomas and Harry, Ian and Mozzon, Simone and Edy, Oliver and Bacon, David",
    title = "{Search for strongly lensed counterpart images of binary black hole mergers in the first two LIGO observing runs}",
    eprint = "1912.05389",
    archivePrefix = "arXiv",
    primaryClass = "gr-qc",
    reportNumber = "LIGO-P1900360",
    doi = "10.1103/PhysRevD.102.084031",
    journal = "Phys. Rev. D",
    volume = "102",
    number = "8",
    pages = "084031",
    year = "2020"
}

@software{pycbc_package,
  author       = {Alex Nitz and
                  Ian Harry and
                  others},
  title        = {gwastro/pycbc:},
  month        = aug,
  year         = 2021,
  publisher    = {Zenodo},
  version      = {v1.16.14},
  doi          = {10.5281/zenodo.5347736},
  url          = {https://doi.org/10.5281/zenodo.5347736}
}

@article{2OGC,
doi = {10.3847/1538-4357/ab733f},
url = {https://dx.doi.org/10.3847/1538-4357/ab733f},
year = {2020},
month = {mar},
publisher = {The American Astronomical Society},
volume = {891},
number = {2},
pages = {123},
author = {Alexander H. Nitz and Thomas Dent and Gareth S. Davies and Sumit Kumar and Collin D. Capano and Ian Harry and Simone Mozzon and Laura Nuttall and Andrew Lundgren and Márton Tápai},
title = {2-OGC: Open Gravitational-wave Catalog of Binary Mergers from Analysis of Public Advanced LIGO and Virgo Data},
journal = {The Astrophysical Journal}
}

